@book{2003economics,
  title={Economics: Principles in action},
  author={O'sullivan, Arthur and Sheffrin, Steven M},
  year={2003},
  publisher={Prentice Hall Upper Saddle River, NJ},
  pages={57}
}
@book{dwivedi2002microeconomics,
  title={Microeconomics: Theory and Applications},
  author={Dwivedi, DN},
  year={2002},
  publisher={Pearson Education India},
  pages={7}
}
@article{davis2008macroeconomic,
  title={Macroeconomic Expectations and the Stock Market: The Importance of a Longer-Term Perspective},
  author={Davis, Joseph H},
  journal={Valley Forge, Pa.: The Vanguard Group},
  year={2008}
}
@misc{inflation,
  title={Inflation},
  url={https://www.investopedia.com/terms/i/inflation.asp},
  author={Investopedia}
}
@misc{balanceoftrade,
  title={Balance of Trade},
  url={https://www.investopedia.com/terms/b/bot.asp},
  author={Investopedia}
}
@misc{unemployment,
  title={Unemployment Rate},
  url={https://www.investopedia.com/terms/u/unemploymentrate.asp},
  author={Investopedia}
}
@misc{interestrate,
  title={The Interest Rate (Bank Rate)},
  url={https://www.bankofengland.co.uk/monetary-policy/the-interest-rate-bank-rate},
  author={Bank of England}
}
@article{bean1993unemployment,
  title={Unemployment, consumption and growth},
  author={Bean, Charles and Pissarides, Christopher},
  journal={European Economic Review},
  volume={37},
  number={4},
  pages={837--854},
  year={1993},
  publisher={Elsevier}
}
@techreport{barro1996determinants,
  title={Determinants of economic growth: a cross-country empirical study},
  author={Barro, Robert J},
  year={1996},
  institution={National Bureau of Economic Research}
}
@article{christiano1999monetary,
  title={Monetary policy shocks: What have we learned and to what end?},
  author={Christiano, Lawrence J and Eichenbaum, Martin and Evans, Charles L},
  journal={Handbook of macroeconomics},
  volume={1},
  pages={65--148},
  year={1999},
  publisher={Elsevier}
}
@book{smith1950inquiry,
  title={An Inquiry into the Nature and Causes of the Wealth of Nations,(1776)},
  author={Smith, Adam},
  year={1950},
  publisher={Methuen}
}
@misc{financialmarket,
  title={Financial Market},
  url={https://www.investopedia.com/terms/f/financial-market.asp},
  author={Investopedia}
}
@online{stockexchange,
  title={What Is a Stock Exchange?},
  url={https://www.thebalance.com/what-is-a-stock-exchange-358113},
  author={Joshua Kennon},
  month={07},
  day={02},
  year={2018}
}
@misc{nyse,
  title={NYSE Market Capitalization of Companies Listed, 2017},
  url={http://www.nyxdata.com/nysedata/asp/factbook/viewer_edition.asp?mode=tables&key=333&category=5},
  author={NYSE}
}
@online{dowproblem,
    author = {Lawrence Lewitinn},
    title  = {There's a big problem wit the Dow},
    month  = {08},
    year   = {2014},
    url    = {https://finance.yahoo.com/blogs/talking-numbers/there-s-a-big-problem-with-the-dow-212017846.html}
}
@misc{tradesurplus,
  title={The 20 countries with the highest trade surplus in 2016 (in billion U.S. dollars)},
  url={https://www.statista.com/statistics/256642/the-20-countries-with-the-highest-trade-surplus/},
  author={Statista}
}
@techreport{fleckenstein2013deflation,
  title={Deflation risk},
  author={Fleckenstein, Matthias and Longstaff, Francis A and Lustig, Hanno},
  year={2013},
  institution={National Bureau of Economic Research}
}
@article{malkiel1970efficient,
  title={Efficient capital markets: A review of theory and empirical work},
  author={Malkiel, Burton G and Fama, Eugene F},
  journal={The journal of Finance},
  volume={25},
  number={2},
  pages={383--417},
  year={1970},
  publisher={Wiley Online Library}
}
@article{malkiel2003efficient,
  title={The efficient market hypothesis and its critics},
  author={Malkiel, Burton G},
  journal={Journal of economic perspectives},
  volume={17},
  number={1},
  pages={59--82},
  year={2003}
}
@article{jensen1978some,
  title={Some anomalous evidence regarding market efficiency},
  author={Jensen, Michael},
  year={1978}
}
@article{lo2004adaptive,
  title={The adaptive markets hypothesis: Market efficiency from an evolutionary perspective},
  author={Lo, Andrew W},
  year={2004}
}
@article{lo2005reconciling,
  title={Reconciling efficient markets with behavioral finance: the adaptive markets hypothesis},
  author={Lo, Andrew W},
  year={2005}
}
@phdthesis{butler2012computational,
  title={Computational Intelligence for Analysis Concerning Financial Modelling and the Adaptive Market Hypothesis},
  author={Butler, Matthew R},
  year={2012},
  school={University of York}
}
@BOOK {smith1957,
    author="A. Smith and W. Letwin",
    title     = "The wealth of nations",
    publisher = "Dent",
    year      = "1957"
}
@book{malkiel1973random,
  title={A random walk down Wall Street},
  author={Burton Malkiel},
  year={1973},
  publisher={W. W. Norton \& Company}
}
@misc{chaostheory,
  title={Chaos Theory},
  url={https://www.investopedia.com/terms/c/chaostheory.asp},
  author={Investopedia}
}
@article{levy1966conceptual,
  title={Conceptual foundations of technical analysis},
  author={Levy, Robert A},
  journal={Financial Analysts Journal},
  volume={22},
  number={4},
  pages={83--89},
  year={1966},
  publisher={CFA Institute}
}
@article{lev1993fundamental,
  title={Fundamental information analysis},
  author={Lev, Baruch and Thiagarajan, S Ramu},
  journal={Journal of Accounting research},
  pages={190--215},
  year={1993},
  publisher={JSTOR}
}
@book{hamilton1994time,
  title={Time series analysis},
  author={Hamilton, James Douglas},
  volume={2},
  year={1994},
  publisher={Princeton university press Princeton, NJ}
}
@article{dickey1979distribution,
  title={Distribution of the estimators for autoregressive time series with a unit root},
  author={Dickey, David A and Fuller, Wayne A},
  journal={Journal of the American statistical association},
  volume={74},
  number={366a},
  pages={427--431},
  year={1979},
  publisher={Taylor \& Francis}
}
@article{kwiatkowski1992testing,
  title={Testing the null hypothesis of stationarity against the alternative of a unit root: How sure are we that economic time series have a unit root?},
  author={Kwiatkowski, Denis and Phillips, Peter CB and Schmidt, Peter and Shin, Yongcheol},
  journal={Journal of econometrics},
  volume={54},
  number={1-3},
  pages={159--178},
  year={1992},
  publisher={Elsevier}
}
@BOOK {mitchell1997,
    author    = "Tom M. Mitchell",
    title     = "Machine Learning",
    publisher = "New York; London : McGraw-Hill",
    year      = "1997",
    series    = "McGraw-Hill series in computer science"
}
@book{rojas2013neural,
  title={Neural networks: a systematic introduction},
  author={R. Rojas},
  year={2013},
  publisher={Springer Science \& Business Media}
}
@ONLINE {neuron,
    author = {Sebastian Raschka},
    title  = {Single-Layer Neural Networks and Gradient Descent},
    month  = {03},
    year   = {2015},
    url    = {http://sebastianraschka.com/Articles/2015_singlelayer_neurons.html}
}
@article{jain1996artificial,
  title={Artificial neural networks: A tutorial},
  author={Jain, Anil K and Mao, Jianchang and Mohiuddin, K Moidin},
  journal={Computer},
  volume={29},
  number={3},
  pages={31--44},
  year={1996},
  publisher={IEEE}
}
@article{jhaartificial,
  title={Artificial neural networks and its applications (2007)},
  author={Jha, GK},
  journal={IARI: New Delhi}
}
@article{cybenko1989approximation,
  title={Approximation by superpositions of a sigmoidal function},
  author={Cybenko, George},
  journal={Mathematics of control, signals and systems},
  volume={2},
  number={4},
  pages={303--314},
  year={1989},
  publisher={Springer}
}
@article{hornik1991approximation,
  title={Approximation capabilities of multilayer feedforward networks},
  author={Hornik, Kurt},
  journal={Neural networks},
  volume={4},
  number={2},
  pages={251--257},
  year={1991},
  publisher={Elsevier}
}
@article{hinton2006fast,
  title={A fast learning algorithm for deep belief nets},
  author={Hinton, Geoffrey E and Osindero, Simon and Teh, Yee-Whye},
  journal={Neural computation},
  volume={18},
  number={7},
  pages={1527--1554},
  year={2006},
  publisher={MIT Press}
}